@ARTICLE{bolshoi_11,
   author = {{Klypin}, A.~A. and {Trujillo-Gomez}, S. and {Primack}, J.},
    title = "{Dark Matter Halos in the Standard Cosmological Model: Results from the Bolshoi Simulation}",
  journal = {ApJ},
archivePrefix = "arXiv",
   eprint = {1002.3660},
 primaryClass = "astro-ph.CO",
 keywords = {cosmology: theory, large-scale structure of universe, methods: numerical},
     year = 2011,
    month = oct,
   volume = 740,
      eid = {102},
    pages = {102},
      doi = {10.1088/0004-637X/740/2/102},
   adsurl = {http://adsabs.harvard.edu/abs/2011ApJ...740..102K},
  adsnote = {Provided by the SAO/NASA Astrophysics Data System}
}

@ARTICLE{rockstar,
   author = {{Behroozi}, P.~S. and others},
    title = "{The ROCKSTAR Phase-space Temporal Halo Finder and the Velocity Offsets of Cluster Cores}",
  journal = {\apj},
archivePrefix = "arXiv",
   eprint = {1110.4372},
 primaryClass = "astro-ph.CO",
 keywords = {dark matter, methods: numerical},
     year = 2013,
    month = jan,
   volume = 762,
      eid = {109},
    pages = {109},
      doi = {10.1088/0004-637X/762/2/109},
   adsurl = {http://adsabs.harvard.edu/abs/2013ApJ...762..109B},
  adsnote = {Provided by the SAO/NASA Astrophysics Data System}
}

@ARTICLE{rockstar_trees,
   author = {{Behroozi}, P.~S. and others},
    title = "{Gravitationally Consistent Halo Catalogs and Merger Trees for Precision Cosmology}",
  journal = {\apj},
archivePrefix = "arXiv",
   eprint = {1110.4370},
 primaryClass = "astro-ph.CO",
 keywords = {dark matter, galaxies: abundances, galaxies: evolution, methods: numerical },
     year = 2013,
    month = jan,
   volume = 763,
      eid = {18},
    pages = {18},
      doi = {10.1088/0004-637X/763/1/18},
   adsurl = {http://adsabs.harvard.edu/abs/2013ApJ...763...18B},
  adsnote = {Provided by the SAO/NASA Astrophysics Data System}
}
